@article{fmz2023attitude,
	title={Attitude Control and Low Cost Design of UAV Bicopter},
	author={Fahmizal and Nugroho, Hanung Adi and Cahyadi, Adha Imam and Ardiyanto, Igi},
	journal={arXiv preprint arXiv:2309.08209},
	year={2023}
}

@article{fmz2023trajectory,
	title={Trajectory Tracking Control of UAV Bicopter using Linear Quadratic Gaussian},
	author={Fahmizal and Nugroho, Hanung Adi and Cahyadi, Adha Imam and Ardiyanto, Igi},
	journal={arXiv preprint arXiv:2309.08226},
	year={2023}
}